@article{marlinspike2016x3dh,
  title={The x3dh key agreement protocol},
  author={Marlinspike, Moxie and Perrin, Trevor},
  journal={Open Whisper Systems},
  volume={283},
  number={10},
  year={2016}
}

@article{mahto2017rsa,
  title={RSA and ECC: A comparative analysis},
  author={Mahto, Dindayal and Yadav, Dilip Kumar},
  journal={International journal of applied engineering research},
  volume={12},
  number={19},
  pages={9053--9061},
  year={2017}
}
